@article{Ref:2,
author = {Geoffrey Elliot},
year = {2004},
title = {IGlobal business information technology: an integrated systems approach},
}