@article{RefWorks:1,
author = {Craig Murphy},
year = {2009},
title = {Improving Application Quality Using Test-Driven Development (TDD)},
url = {http://www.methodsandtools.com/archive/archive.php?id=20},

}
@article{Ref:2,
author = {Geoffrey Elliot},
year = {2004},
title = {IGlobal business information technology: an integrated systems approach},
}
@article{Ref:3,
author = {Agile Manifesto},
year = {Accessed on 20 September, 2009},
title = {Principles behind Agile Manifesto},
url={http:
//www.agilemanifesto.org/principles.html},
}
@article{Ref:4,
author = {Business Dictionary},
year = {Accessed on 2 April, 2010},
title = {Stakeholder},
url={http://www.businessdictionary.
com/definition/stakeholder.html},
}
@article{Ref:5,
author = {Ian Alexander},
year = {April 2003},
title = {Computing and control engineering},
}
@article{Ref:6,
author = {HSQL db},
year = {Accessed on 13 September, 2009},
title = {Database comparison},
url={http://hsqldb.org/images/
imola_retrieve.jpg},
}
