@article{Ref:1,
author = {Sonya R. Manalu},
year = {2006},
title = {Development and evaluation of mobile application for room rental information with chat and push notification},
url = {https://ieeexplore.ieee.org/document/7930293/authors},
}
@article{Ref:2,
title = {Deliverables are usually classified as internal deliverables and external deliverables},
url={https://www.simplilearn.com/what-is-a-deliverable-article},
}
@article{Ref:3,
title = {What is Apache? An In-Depth Overview of Apache Web Server},
url={https://www.hostinger.com/tutorials/what-is-apache#gref},
}
@article{Ref:4,
title = {MySQL},
url = {https://www.siteground.com/tutorials/php-mysql/mysql},
}
@article{Ref:5,
title = {PHP},
url = {https://www.ntchosting.com/encyclopedia/scripting-and-programming/php/},
}
@article{Ref:6,
title = {Visual Studio Code},
url = {https://code.visualstudio.com/docs/editor/whyvscode},
}
@article{Ref:7,
title = {HTML},
url = {https://www.theserverside.com/definition/HTML-Hypertext-Markup-Language},
}
@article{Ref:8,
title = {CSS},
url = {https://developer.mozilla.org/en-US/docs/Learn/CSS/Introduction_to_CSS},
}
@article{Ref:9,
title = {JavaScript},
url = {https://www.afterhoursprogramming.com/tutorial/javascript/javascript-overview/},
}
@article{Ref:10,
title = {What is an System design?},
url={https://www.techopedia.com/definition/29998/system-design},
}
@article{Ref:11,
title = {Systems architecture},
url={https://en.wikipedia.org/wiki/Systems_architecture},
}
@article{Ref:12,
title = {Database diagram},
url={https://docs.microsoft.com/en-us/sql/ssms/visual-db-tools/design-database-diagrams-visual-database-tools?view=sql-server-2017},
}
@article{Ref:13,
title = {What is an ER diagram?},
url={https://www.lucidchart.com/pages/er-diagrams?a=0},
}
@article{Ref:14,
title = {Entity relationship diagram},
url={https://searchdatamanagement.techtarget.com/definition/entity-relationship-diagram-ERD},
}
@article{Ref:15,
title = {Implementation and testing},
url={http://www.technologyuk.net/
telecommunications/networks/implementation-and-testing.shtml},
}

@article{Ref:16,
title = {User module},
url={https://www.drupal.org/docs/8/core/modules/
user/overview},
}
@article{Ref:17,
title = {PHP Documentation},
url={https://www.phpdoc.org/},
}
@article{Ref:18,
title = {Search Term},
url={https://yoast.com/search-term/},
}
@article{Ref:19,
title = {Goggle map},
url={https://whatis.techtarget.com/definition/Google-Maps},
}
@article{Ref:20,
title = {Test Case},
url={http://documentation.microfocus.com/help/index.jsp?topic=%2Fcom.borland.silktest.classic.doc%2FSTCLASSIC-753381C7-ABOUT-TESTCASES.html},
}
@article{Ref:21,
title = {Incremental Model},
url={http://tryqa.com/what-is-incremental-model-advantages-disadvantages-and-when-to-use-it/},
}
@article{Ref:22,
title = {Database Schema},
url={https://www.lucidchart.com/pages/
database-diagram/database-schema},
}